<?xml version="1.0" encoding="UTF-8"?><collection xmlns="http://www.loc.gov/MARC21/slim"><record><leader>00616nam--2200193-i-4500</leader><controlfield tag="001">000037622</controlfield><controlfield tag="002">20161230</controlfield><controlfield tag="005">20161230201041</controlfield><controlfield tag="008">060222s1000------------r-----000-0-eng-d</controlfield><datafield ind1=" " ind2=" " tag="040"><subfield code="a">IFIN-HH</subfield></datafield><datafield ind1=" " ind2=" " tag="080"><subfield code="a">537.311.33</subfield></datafield><datafield ind1="1" ind2=" " tag="100"><subfield code="a">Gibson, Alan F</subfield></datafield><datafield ind1="1" ind2="0" tag="245"><subfield code="a">Progress in semiconductors</subfield><subfield code="b">Volume 6</subfield><subfield code="c">Alan f. gibson (general editor); f.a. kroger (european editor); r.e. burgess (american editor)</subfield></datafield><datafield ind1=" " ind2=" " tag="260"><subfield code="a">London</subfield><subfield code="b">Heywood And Company Ltd</subfield><subfield code="c">1962</subfield></datafield><datafield ind1=" " ind2=" " tag="300"><subfield code="a">322P</subfield></datafield><datafield ind1=" " ind2=" " tag="490"><subfield code="a">Progress In Semiconductors</subfield></datafield><datafield ind1="1" ind2=" " tag="700"><subfield code="a">Burgess, R.E</subfield><subfield code="e">American Editor</subfield></datafield><datafield ind1=" " ind2=" " tag="852"><subfield code="a">11919</subfield><subfield code="c">537.311.33</subfield></datafield><datafield ind1=" " ind2=" " tag="CAT"><subfield code="a">Sys</subfield><subfield code="c">20110718</subfield><subfield code="h">121600</subfield></datafield></record></collection>